<?xml version="1.0" encoding="utf-8"?>
<record xmlns="http://www.loc.gov/MARC21/slim" xmlns:xsi="http://www.w3.org/2001/XMLSchema-instance" xsi:schemaLocation="http://www.loc.gov/MARC21/slim http://www.loc.gov/standards/marcxml/schema/MARC21slim.xsd">
	<leader>     nam a22     Mi 4500</leader>
	<controlfield tag="001">b1242383x</controlfield>
	<controlfield tag="003">LeBAU</controlfield>
	<controlfield tag="006">m        d        </controlfield>
	<controlfield tag="007">cr cn |||m|||a</controlfield>
	<controlfield tag="008">200122s1938    ua      o     ||0 0 ara d</controlfield>
	<datafield ind1=" " ind2=" " tag="040">
		<subfield code="a">ZYU</subfield>
		<subfield code="b">ara</subfield>
		<subfield code="e">rda</subfield>
		<subfield code="c">ZYU</subfield>
	</datafield>
	<datafield ind1="0" ind2="4" tag="082">
		<subfield code="a">349.1767</subfield>
		<subfield code="2">22</subfield>
	</datafield>
	<datafield ind1="1" ind2=" " tag="100">
		<subfield code="6">880-01</subfield>
		<subfield code="a">Bakrī, ʻUthmān ibn Muḥammad,</subfield>
		<subfield code="d">1849 or 1850-1892 or 1893,</subfield>
		<subfield code="e">author.</subfield>
	</datafield>
	<datafield ind1="1" ind2="0" tag="245">
		<subfield code="6">880-02</subfield>
		<subfield code="a">Ḥāshiyat Iʻāʻnat al-ṭālibīn /</subfield>
		<subfield code="c">lil-Sayyid Abī Bakr al-mashhūr bi-al-Sayyid al-Bakrī ibn al-Sayyid Muḥammad Shaṭā al-Dimyāṭī al-Miṣrī, nazīl Makkah al-Musharrafah ʻalá ḥall alfāẓ Fatḥ al-Muʻīn sharḥ Qurrat al-ʻAyn bi-muhimmāt al-Dīn li-Zayn al-Dīn ibn ʻAbd al-ʻAzīz al-Malībārī al-Fanānī. Wa-bi-al-hāmish Fatḥ al-Muʻīn bi-sharḥ Qurrat al-ʻAyn. Taqrīrāt / li-mu’llif al-Ḥāshiyah.</subfield>
	</datafield>
	<datafield ind1="3" ind2="0" tag="246">
		<subfield code="6">880-03</subfield>
		<subfield code="a">Iʻāʻnat al-ṭālibīn</subfield>
	</datafield>
	<datafield ind1=" " ind2=" " tag="250">
		<subfield code="6">880-04</subfield>
		<subfield code="a">al-Ṭabʻah al-thānīyah.</subfield>
	</datafield>
	<datafield ind1=" " ind2="1" tag="264">
		<subfield code="6">880-05</subfield>
		<subfield code="a">Miṣr :</subfield>
		<subfield code="b">Maṭbaʻat Muṣṭafá al-Bābī al-Ḥalabī wa-Awlāduh,</subfield>
		<subfield code="c">1356 H. = 1938 M.</subfield>
	</datafield>
	<datafield ind1=" " ind2=" " tag="300">
		<subfield code="6">880-06</subfield>
		<subfield code="a">online resource (4 volumes)</subfield>
	</datafield>
	<datafield ind1=" " ind2=" " tag="336">
		<subfield code="a">text</subfield>
		<subfield code="2">rdacontent</subfield>
	</datafield>
	<datafield ind1=" " ind2=" " tag="337">
		<subfield code="a">computer</subfield>
		<subfield code="2">rdamedia</subfield>
	</datafield>
	<datafield ind1=" " ind2=" " tag="338">
		<subfield code="a">online resource</subfield>
		<subfield code="2">rdacarrier</subfield>
	</datafield>
	<datafield ind1=" " ind2=" " tag="500">
		<subfield code="a">Part of the Arabic Collections Online (ACO) project, contributed by American University of Beirut's Jafet Memorial Library.</subfield>
	</datafield>
	<datafield ind1=" " ind2=" " tag="533">
		<subfield code="a">Electronic reproduction.</subfield>
		<subfield code="b">New York, N.Y. :</subfield>
		<subfield code="c">New York University,</subfield>
		<subfield code="d">2020.</subfield>
		<subfield code="5">NNU</subfield>
	</datafield>
	<datafield ind1="1" ind2="0" tag="600">
		<subfield code="6">880-07</subfield>
		<subfield code="a">Malībārī, Zayn al-Dīn ibn ʻAbd al-ʻAzīz.</subfield>
		<subfield code="t">Fatḥ al-muʻīn bi-sharḥ qurrat al-ʻayn bi-muhimmāt al-dīn.</subfield>
	</datafield>
	<datafield ind1=" " ind2="0" tag="650">
		<subfield code="6">880-08</subfield>
		<subfield code="a">Islamic law</subfield>
		<subfield code="v">Early works to 1800.</subfield>
	</datafield>
	<datafield ind1=" " ind2="0" tag="650">
		<subfield code="6">880-09</subfield>
		<subfield code="a">Shafiites</subfield>
		<subfield code="v">Early works to 1800.</subfield>
	</datafield>
	<datafield ind1="1" ind2="2" tag="700">
		<subfield code="6">880-10</subfield>
		<subfield code="a">Malībārī, Zayn al-Dīn ibn ʻAbd al-ʻAzīz.</subfield>
		<subfield code="t">Fatḥ al-muʻīn bi-sharḥ qurrat al-ʻayn bi-muhimmāt al-dīn.</subfield>
	</datafield>
	<datafield ind1="1" ind2="2" tag="700">
		<subfield code="6">880-11</subfield>
		<subfield code="a">Bakrī, ʻUthmān ibn Muḥammad,</subfield>
		<subfield code="d">1849 or 1850-1892 or 1893.</subfield>
		<subfield code="t">Taqrīrāt.</subfield>
	</datafield>
	<datafield ind1="2" ind2=" " tag="710">
		<subfield code="a">Jafet Memorial Library.</subfield>
	</datafield>
	<datafield ind1="0" ind2=" " tag="730">
		<subfield code="a">Arabic Collections Online.</subfield>
	</datafield>
	<datafield ind1="0" ind2="8" tag="776">
		<subfield code="i">Print version:</subfield>
		<subfield code="a">Bakrī, ʻUthmān ibn Muḥammad, 1849 or 1850-1892 or 1893, author.</subfield>
		<subfield code="t">Ḥāshiyat Iʻāʻnat al-ṭālibīn</subfield>
		<subfield code="w">(LeBAU)b1242383x</subfield>
	</datafield>
	<datafield ind1="4" ind2="0" tag="856">
		<subfield code="u">http://hdl.handle.net/2333.1/rr4xh6rj</subfield>
	</datafield>
	<datafield ind1="1" ind2=" " tag="880">
		<subfield code="6">100-01</subfield>
		<subfield code="a">البكري، عثمان بن محمد،</subfield>
		<subfield code="d">1849 او 1850-1892 او 1893،</subfield>
		<subfield code="e">مؤلف.</subfield>
		<subfield code="4">aut.</subfield>
	</datafield>
	<datafield ind1="1" ind2="0" tag="880">
		<subfield code="6">245-02</subfield>
		<subfield code="a">حاشية إعانة الطالبين /</subfield>
		<subfield code="c">للسيد أبي بكر المشهور بالسيد البكري بن السيد محمد شطا الدمياطي المصري، نزيل مكة المشرفة على حل ألفاظ فتح المعين شرح قرة العين بمهمات الدين لزين الدين بن عبد العزيز المليباري الفناني. وبالهامش فتح المعين بشرح قرة العين. تقريرات / لمؤلف الحاشية.</subfield>
	</datafield>
	<datafield ind1="3" ind2="0" tag="880">
		<subfield code="6">246-03</subfield>
		<subfield code="a">إعانة الطالبين</subfield>
	</datafield>
	<datafield ind1=" " ind2=" " tag="880">
		<subfield code="6">250-04</subfield>
		<subfield code="a">الطبعة الثانية.</subfield>
	</datafield>
	<datafield ind1=" " ind2="1" tag="880">
		<subfield code="6">264-05</subfield>
		<subfield code="a">مصر :</subfield>
		<subfield code="b">مطبعة مصطفى البابي الحلبي وأولاده،</subfield>
		<subfield code="c">1356 هـ. = 1938 م.</subfield>
	</datafield>
	<datafield ind1=" " ind2=" " tag="880">
		<subfield code="6">300-06</subfield>
		<subfield code="a">4 أجزاء ؛</subfield>
		<subfield code="c">28 سم</subfield>
	</datafield>
	<datafield ind1=" " ind2=" " tag="880">
		<subfield code="6">590-00</subfield>
		<subfield code="a">4 أجزاء ببليوغرافية في 2 جزء مادي.</subfield>
	</datafield>
	<datafield ind1="1" ind2="4" tag="880">
		<subfield code="6">600-07</subfield>
		<subfield code="a">المليباري، زين الدين بن عبد العزيز.</subfield>
		<subfield code="t">فتح المعين بشرح قرة العين بمهمات الدين.</subfield>
	</datafield>
	<datafield ind1=" " ind2="4" tag="880">
		<subfield code="6">650-08</subfield>
		<subfield code="a">الفقه الاسلامي</subfield>
		<subfield code="v">اعمال قديمة حتى 1800.</subfield>
	</datafield>
	<datafield ind1=" " ind2="4" tag="880">
		<subfield code="6">650-09</subfield>
		<subfield code="a">المذهب الشافعي</subfield>
		<subfield code="v">أعمال قديمة حتى 1800.</subfield>
	</datafield>
	<datafield ind1="1" ind2="2" tag="880">
		<subfield code="6">700-10</subfield>
		<subfield code="a">المليباري، زين الدين بن عبد العزيز.</subfield>
		<subfield code="t">فتح المعين بشرح قرة العين بمهمات الدين.</subfield>
	</datafield>
	<datafield ind1="1" ind2="2" tag="880">
		<subfield code="6">700-11</subfield>
		<subfield code="a">البكري، عثمان بن محمد،</subfield>
		<subfield code="d">1849 او 1850-1892 او 1893.</subfield>
		<subfield code="t">تقريرات.</subfield>
	</datafield>
	<datafield ind1=" " ind2=" " tag="959">
		<subfield code="a">NNU</subfield>
		<subfield code="b">WEB</subfield>
		<subfield code="c">GENI</subfield>
		<subfield code="t">0</subfield>
		<subfield code="m">Electronic access</subfield>
		<subfield code="s">01</subfield>
	</datafield>
	<datafield ind1=" " ind2=" " tag="999">
		<subfield code="i">LeBAU_b1242383x</subfield>
		<subfield code="s">aub_aco002702:v.1-2</subfield>
		<subfield code="s">aub_aco002703:v.3-4</subfield>
		<subfield code="e">(ERROR-MISC)</subfield>
		<subfield code="s">aub_aco002702:v.1-2</subfield>
		<subfield code="s">aub_aco002703:v.3-4</subfield>
	</datafield>
</record>
